<collection xmlns="http://www.loc.gov/MARC21/slim">
<record>
  <leader>01086ncm0a22002531i 450 </leader>
  <controlfield tag="001">IT\ICCU\CNCE\045342</controlfield>
  <controlfield tag="005">19990330000000.0</controlfield>
  <datafield tag="100" ind1=" " ind2=" ">
    <subfield code="a">19990109d1545        0itac0103    ba</subfield>
  </datafield>
  <datafield tag="101" ind1=" " ind2=" ">
    <subfield code="a">LAT</subfield>
  </datafield>
  <datafield tag="102" ind1=" " ind2=" ">
    <subfield code="a">IT</subfield>
  </datafield>
  <datafield tag="200" ind1="1" ind2=" ">
    <subfield code="a">℗Cypriani Rore ... ℗Motetta nunc primum summa diligentia in lucem prodita. Quinque vocum</subfield>
  </datafield>
  <datafield tag="210" ind1=" " ind2=" ">
    <subfield code="a">\S. l.</subfield>
    <subfield code="c">s. n.!</subfield>
    <subfield code="d">1545</subfield>
  </datafield>
  <datafield tag="215" ind1=" " ind2=" ">
    <subfield code="a">5 fasc.</subfield>
    <subfield code="d">4ʻ obl</subfield>
  </datafield>
  <datafield tag="300" ind1=" " ind2=" ">
    <subfield code="a">S,A,T,B,5.ATTENZIONE E&apos; PARTE DI 45344 </subfield>
  </datafield>
  <datafield tag="700" ind1=" " ind2="1">
    <subfield code="a">Rore,</subfield>
    <subfield code="b">Cyprien : de</subfield>
    <subfield code="3">IT\ICCU\CNCA\011477</subfield>
  </datafield>
  <datafield tag="712" ind1="0" ind2="2">
    <subfield code="a">s.n.</subfield>
    <subfield code="3">IT\ICCU\CNCT\000002</subfield>
    <subfield code="4">650</subfield>
  </datafield>
  <datafield tag="790" ind1=" " ind2="1">
    <subfield code="a">De_Rore,</subfield>
    <subfield code="b">Cypriaen</subfield>
    <subfield code="3">IT\ICCU\CNCA\018726</subfield>
    <subfield code="z">Rore, Cyprien : de</subfield>
  </datafield>
  <datafield tag="790" ind1=" " ind2="1">
    <subfield code="a">Roore,</subfield>
    <subfield code="b">Cypriaen : van</subfield>
    <subfield code="3">IT\ICCU\CNCA\018727</subfield>
    <subfield code="z">Rore, Cyprien : de</subfield>
  </datafield>
  <datafield tag="790" ind1=" " ind2="1">
    <subfield code="a">Rore,</subfield>
    <subfield code="b">Cipriano : de</subfield>
    <subfield code="3">IT\ICCU\CNCA\018728</subfield>
    <subfield code="z">Rore, Cyprien : de</subfield>
  </datafield>
  <datafield tag="790" ind1=" " ind2="0">
    <subfield code="a">Ciprianus</subfield>
    <subfield code="3">IT\ICCU\CNCA\018729</subfield>
    <subfield code="z">Rore, Cyprien : de</subfield>
  </datafield>
  <datafield tag="790" ind1=" " ind2="0">
    <subfield code="a">Cipriano</subfield>
    <subfield code="3">IT\ICCU\CNCA\018730</subfield>
    <subfield code="z">Rore, Cyprien : de</subfield>
  </datafield>
  <datafield tag="790" ind1=" " ind2="1">
    <subfield code="a">Rore,</subfield>
    <subfield code="b">Cipriano</subfield>
    <subfield code="3">IT\ICCU\CNCA\022689</subfield>
    <subfield code="z">Rore, Cyprien : de</subfield>
  </datafield>
  <datafield tag="801" ind1=" " ind2="3">
    <subfield code="a">IT</subfield>
    <subfield code="b">ICCU</subfield>
    <subfield code="c">20201114</subfield>
  </datafield>
  <datafield tag="899" ind1=" " ind2=" ">
    <subfield code="a">Museo Internazionale e Biblioteca della Musica. Bologna</subfield>
    <subfield code="z">MUTILO</subfield>
    <subfield code="1">BO0310</subfield>
    <subfield code="2">UBO BM</subfield>
  </datafield>
</record>
</collection>
